<record><leader>00000cas a22000007a 4500</leader><controlfield tag="001">12625892</controlfield><controlfield tag="008">851002c19209999utuwr ne      0   a0eng c</controlfield><datafield ind1=" " ind2=" " tag="010"><subfield code="a">sn 85058267 </subfield></datafield><datafield ind1=" " ind2=" " tag="040"><subfield code="a">UNP</subfield><subfield code="b">eng</subfield><subfield code="c">UNP</subfield><subfield code="d">NSD</subfield><subfield code="d">UBY</subfield><subfield code="d">OCLCQ</subfield><subfield code="d">OCLCF</subfield><subfield code="d">OCLCO</subfield></datafield><datafield ind1=" " ind2=" " tag="012"><subfield code="m">1</subfield></datafield><datafield ind1="1" ind2=" " tag="022"><subfield code="a">1064-7309</subfield><subfield code="l">1064-7309</subfield><subfield code="2">1</subfield></datafield><datafield ind1="1" ind2=" " tag="029"><subfield code="a">AU@</subfield><subfield code="b">000025806456</subfield></datafield><datafield ind1=" " ind2=" " tag="032"><subfield code="a">214020</subfield><subfield code="b">USPS</subfield></datafield><datafield ind1=" " ind2=" " tag="037"><subfield code="b">Garfield County News, PO Box 75, Panguitch, UT 84759</subfield></datafield><datafield ind1=" " ind2=" " tag="042"><subfield code="a">pcc</subfield><subfield code="a">nsdp</subfield></datafield><datafield ind1=" " ind2=" " tag="043"><subfield code="a">n-us-ut</subfield></datafield><datafield ind1=" " ind2="0" tag="222"><subfield code="a">Garfield County news</subfield><subfield code="b">(Tropic, Utah)</subfield></datafield><datafield ind1="0" ind2="0" tag="245"><subfield code="a">Garfield County news.</subfield></datafield><datafield ind1=" " ind2=" " tag="260"><subfield code="a">Panguitch, Utah :</subfield><subfield code="b">W.J. Peters</subfield></datafield><datafield ind1=" " ind2=" " tag="300"><subfield code="a">v. :</subfield><subfield code="b">ill. ;</subfield><subfield code="c">56 cm.</subfield></datafield><datafield ind1=" " ind2=" " tag="310"><subfield code="a">Weekly</subfield></datafield><datafield ind1="1" ind2=" " tag="362"><subfield code="a">Began with Apr. 16, 1920 issue.</subfield><subfield code="z">Cf. Alter, J.C. Early Utah journalism.</subfield></datafield><datafield ind1=" " ind2=" " tag="500"><subfield code="a">Imprint varies: Tropic, Utah : Garfield County News, &lt;June 4, 1992-&gt;</subfield></datafield><datafield ind1=" " ind2=" " tag="525"><subfield code="a">Supplements accompany many issues.</subfield></datafield><datafield ind1=" " ind2=" " tag="525"><subfield code="a">Colorado Plateau supplement issued Feb. 24, 1955.</subfield></datafield><datafield ind1=" " ind2=" " tag="525"><subfield code="a">Local weekly supplement, "South Central Utah Spotlight," issued: &lt;Dec. 4, 1980-Nov. 24, 1982&gt;.</subfield></datafield><datafield ind1=" " ind2=" " tag="588"><subfield code="a">Description based on: Vol. 3, no. 41 (Jan. 5, 1923).</subfield></datafield><datafield ind1=" " ind2=" " tag="588"><subfield code="a">Latest issue consulted: Vol. 71, no. 23 (June 4, 1992).</subfield></datafield><datafield ind1=" " ind2="0" tag="651"><subfield code="a">Panguitch (Utah)</subfield><subfield code="v">Newspapers.</subfield></datafield><datafield ind1=" " ind2="0" tag="651"><subfield code="a">Garfield County (Utah)</subfield><subfield code="v">Newspapers.</subfield></datafield><datafield ind1=" " ind2="7" tag="655"><subfield code="a">Newspapers.</subfield><subfield code="2">fast</subfield><subfield code="0">(OCoLC)fst01423814</subfield></datafield><datafield ind1=" " ind2="7" tag="651"><subfield code="a">Utah</subfield><subfield code="z">Garfield County.</subfield><subfield code="2">fast</subfield><subfield code="0">(OCoLC)fst01218430</subfield></datafield><datafield ind1=" " ind2="7" tag="651"><subfield code="a">Utah</subfield><subfield code="z">Panguitch.</subfield><subfield code="2">fast</subfield><subfield code="0">(OCoLC)fst01257521</subfield></datafield><datafield ind1=" " ind2=" " tag="752"><subfield code="a">United States</subfield><subfield code="b">Utah</subfield><subfield code="c">Garfield</subfield><subfield code="d">Tropic.</subfield></datafield><datafield ind1=" " ind2=" " tag="752"><subfield code="a">United States</subfield><subfield code="b">Utah</subfield><subfield code="c">Garfield</subfield><subfield code="d">Panguitch.</subfield></datafield></record>